<?xml version="1.0" encoding="UTF-8"?><collection xmlns="http://www.loc.gov/MARC21/slim"><record><leader>00681nam--2200205-i-4500</leader><controlfield tag="001">000014373</controlfield><controlfield tag="002">20161230</controlfield><controlfield tag="005">20161230201030</controlfield><controlfield tag="008">060222s1000------------r-----000-0-fre-d</controlfield><datafield ind1=" " ind2=" " tag="040"><subfield code="a">IFIN-HH</subfield></datafield><datafield ind1=" " ind2=" " tag="041"><subfield code="a">fre</subfield></datafield><datafield ind1=" " ind2=" " tag="080"><subfield code="a">537.222.22:541.128:539.12.04</subfield></datafield><datafield ind1="1" ind2=" " tag="100"><subfield code="a">Barou, V</subfield></datafield><datafield ind1="1" ind2="0" tag="245"><subfield code="a">Effet de l'irradiation sur les propriete des semi-conducteurs</subfield><subfield code="b">Traduit du russe par serge kaliaguine</subfield><subfield code="c">V.barou, th. wolkenstein</subfield></datafield><datafield ind1=" " ind2=" " tag="260"><subfield code="a">Moscou</subfield><subfield code="b">Editions Mir</subfield><subfield code="c">1982</subfield></datafield><datafield ind1=" " ind2=" " tag="300"><subfield code="a">255 P</subfield></datafield><datafield ind1=" " ind2=" " tag="500"><subfield code="a">Titlul Original In Limba Ruasa: Vliianie Oblucenia Poverhnostnie Svoistva Poluprovodnikov</subfield></datafield><datafield ind1="1" ind2=" " tag="700"><subfield code="a">Wolkenstein, Th</subfield></datafield><datafield ind1=" " ind2=" " tag="852"><subfield code="a">70705</subfield><subfield code="c">537.311.33</subfield></datafield><datafield ind1=" " ind2=" " tag="CAT"><subfield code="a">Sys</subfield><subfield code="c">20110727</subfield><subfield code="h">112920</subfield></datafield></record></collection>